<?xml version="1.0" encoding="UTF-8"?><record xmlns="http://www.loc.gov/MARC21/slim" xmlns:cinclude="http://apache.org/cocoon/include/1.0" xmlns:zs="http://www.loc.gov/zing/srw/">
  <leader>00404nz  a2200133n  4500</leader>
  <controlfield tag="001">no2014037023</controlfield>
  <controlfield tag="003">DLC</controlfield>
  <controlfield tag="005">20140320073557.0</controlfield>
  <controlfield tag="008">140319n| azannaabn          |n aaa     c</controlfield>
  <datafield tag="010" ind1=" " ind2=" ">
    <subfield code="a">no2014037023</subfield>
  </datafield>
  <datafield tag="035" ind1=" " ind2=" ">
    <subfield code="a">(OCoLC)oca09710705</subfield>
  </datafield>
  <datafield tag="040" ind1=" " ind2=" ">
    <subfield code="a">InU</subfield>
    <subfield code="b">eng</subfield>
    <subfield code="e">rda</subfield>
    <subfield code="c">InU</subfield>
  </datafield>
  <datafield tag="100" ind1="1" ind2=" ">
    <subfield code="a">Giustinian, Jose휍혖</subfield>
  </datafield>
  <datafield tag="670" ind1=" " ind2=" ">
    <subfield code="a">Argentina. Indice concordado de las leyes de la nacibon Argentina, 1906:</subfield>
    <subfield code="b">title page (Jose휍혖 Giustinian)</subfield>
  </datafield>
</record>